% Encoding: UTF-8

@Article{ManfredGilli2010,
  author  = {Manfred Gilli, Stefan Große and Enrico Schumann},
  title   = {Calibrating the Nelson–Siegel–Svensson model},
  journal = {COMISEF},
  year    = {2010},
}

@Article{STORN1997,
  author  = {Rainer STORN and Kenneth PRICE},
  title   = {Differential Evolution – A Simple and Efficient Heuristic for Global Optimization over Continuous Spaces},
  journal = {Journal of Global Optimization},
  year    = {1997},
}

@Book{Befec-PriceWaterhouse1996,
  title     = {NORMES ET REGLEMENTATION COMPTABLES},
  publisher = {L'Argus},
  year      = {1996},
  author    = {AXA, Befec-PriceWaterhouse},
  editor    = {L'Argus},
}

@Article{Liu2012,
  author  = {Liu, Fei Tony, Ting, Kai Ming and Zhou, Zhi-Hua},
  title   = {Isolation-based anomaly detection.},
  journal = {ACM Transactions on Knowledge Discovery from Data (TKDD)},
  year    = {2012},
}

@Book{Hull2015,
  title     = {Options, Futures, and Other Derivatives},
  publisher = {PEARSON},
  year      = {2014},
  author    = {John C. Hull},
  editor    = {PEARSON},
}

@Comment{jabref-meta: databaseType:bibtex;}
